<record xmlns="http://www.loc.gov/MARC21/slim" xmlns:xsi="http://www.w3.org/2001/XMLSchema-instance" xsi:schemaLocation="http://www.loc.gov/MARC21/slim http://www.loc.gov/standards/marcxml/schema/MARC21slim.xsd">

  <leader>00593nam a2200145   4500</leader>
  <datafield tag="999" ind2=" " ind1=" ">
    <subfield code="c">3493</subfield>
    <subfield code="d">3493</subfield>
  </datafield>
  <controlfield tag="008">180530b2003    CR ||||| |||| 00| | spa d</controlfield>
  <datafield ind2=" " ind1=" " tag="090">
    <subfield code="a">07.01.01</subfield>
    <subfield code="b">277</subfield>
  </datafield>
  <datafield ind2=" " ind1=" " tag="100">
    <subfield code="9">3689</subfield>
    <subfield code="a">Fernández Arias, Mario Enrique</subfield>
  </datafield>
  <datafield tag="245" ind1="1" ind2="3">
    <subfield code="a">La agricultura costarricernse ante la globalización: las nuevas reglas del comercio internacional y su impacto en el agro /</subfield>
    <subfield code="c">Mario E. Fernández Arias</subfield>
  </datafield>
  <datafield tag="260" ind2=" " ind1=" ">
    <subfield code="a">San José, Costa Rica :</subfield>
    <subfield code="b">Editorial de la Universidad de Costa Rica,</subfield>
    <subfield code="c">2003</subfield>
  </datafield>
  <datafield tag="300" ind1=" " ind2=" ">
    <subfield code="a">298 páginas</subfield>
  </datafield>
  <datafield ind1=" " ind2=" " tag="490">
    <subfield code="a">Serie Instituto de Investigaciones Sociales</subfield>
  </datafield>
  <datafield tag="650" ind1="1" ind2="4">
    <subfield code="9">2541</subfield>
    <subfield code="a">AGRICULTURA</subfield>
  </datafield>
  <datafield tag="942" ind2=" " ind1=" ">
    <subfield code="2">z</subfield>
    <subfield code="c">01</subfield>
  </datafield>
</record>